@misc{gudhiembedding,
  title  = {SingleTakensEmbedding},
  author = {Giotto-tda},
  url    = {https://giotto-ai.github.io/gtda-docs/0.3.0/modules/generated/time_series/embedding/gtda.time_series.SingleTakensEmbedding.html}
}

@article{timedelay,
  title     = {Time delay embedding increases estimation precision of models of intraindividual variability},
  author    = {Von Oertzen, Timo and Boker, Steven M},
  journal   = {Psychometrika},
  volume    = {75},
  pages     = {158--175},
  year      = {2010},
  publisher = {Springer}
}

@misc{umap,
  title = {UMAP: Uniform Manifold Approximation and Projection for Dimension Reduction},
  url   = {https://umap.scikit-tda.org/}
}

@misc{umapworks,
  title = {How UMAP Works},
  url   = {https://umap.scikit-tda.org/how_umap_works.html}
}

@misc{spectral,
  author = {scikitlearn},
  title  = {Manifold SpectralEmbedding},
  url    = {https://scikit-learn.org/stable/modules/generated/sklearn.manifold.SpectralEmbedding.html}
}

@misc{spectralworks,
  author = {scikitlearn},
  title  = {Spectral Embedding},
  url    = {https://scikit-learn.org/stable/modules/manifold.html#spectral-embedding}
}

@misc{perea-time-series-tda,
  author = {Jose Perea},
  month  = {3},
  title  = {{Lecture 16 - Topological Methods for the Analysis of Data}},
  year   = {2020},
  url    = {https://www.youtube.com/watch?v=DZwK2gT-d8g}
}

@misc{vietoris,
  author = {GUDHI library},
  title  = {Rips Complex},
  url    = {https://gudhi.inria.fr/doc/3.0.0/group__rips__complex.html}
}

@article{Sunhyuk,
  title     = {Vietoris-Rips Persistent Homology, Injective Metric Spaces, and The Filling Radius},
  author    = {Sunhyuk Lim, Facundo Memoli, Osman Berat Okutan},
  journal   = {arXiv},
  volume    = {5},
  number    = {1},
  pages     = {3--4},
  year      = {2022},
  publisher = {Cornell University}
}

@article{Yujie,
  title     = {PERSISTENT HOMOLOGY AND SPARSE VIETORIS-RIPS
               FILTRATION},
  author    = {YUJIE ZHANG},
  pages     = {4},
  year      = {2017},
  publisher = {University of Chicago}
}

@misc{XGBoost,
  author = {xgboost developers},
  title  = {XGBoost Documentation},
  url    = {https://xgboost.readthedocs.io/en/stable/#}
}

@misc{GradBoost,
  author = {Tomonori Masui},
  title  = {All You Need to Know about Gradient Boosting Algorithm - Part 1. Regression},
  url    = {https://towardsdatascience.com/all-you-need-to-know-about-gradient-boosting-algorithm-part-1-regression-2520a34a502}
}
